<record><leader>00000cas a22000007a 4500</leader><controlfield tag="001">13574521</controlfield><controlfield tag="008">860515d18741899wiuwr ne      0    0eng d</controlfield><datafield ind1=" " ind2=" " tag="010"><subfield code="a">sn 86086216 </subfield></datafield><datafield ind1=" " ind2=" " tag="040"><subfield code="a">NPV</subfield><subfield code="b">eng</subfield><subfield code="c">NPV</subfield><subfield code="d">NPX</subfield><subfield code="d">MGN</subfield><subfield code="d">NVK</subfield><subfield code="d">OCLCQ</subfield><subfield code="d">OCLCO</subfield></datafield><datafield ind1="1" ind2=" " tag="029"><subfield code="a">AU@</subfield><subfield code="b">000025825136</subfield></datafield><datafield ind1=" " ind2=" " tag="042"><subfield code="a">msc</subfield></datafield><datafield ind1=" " ind2=" " tag="043"><subfield code="a">n-us-wi</subfield></datafield><datafield ind1=" " ind2=" " tag="045"><subfield code="a">w7w9</subfield></datafield><datafield ind1=" " ind2=" " tag="052"><subfield code="a">4123</subfield><subfield code="b">E2</subfield></datafield><datafield ind1="0" ind2=" " tag="130"><subfield code="a">Augusta eagle (Augusta, Wis. : 1874)</subfield></datafield><datafield ind1="1" ind2="4" tag="245"><subfield code="a">The Augusta eagle.</subfield></datafield><datafield ind1=" " ind2=" " tag="260"><subfield code="a">Augusta, Wis. :</subfield><subfield code="b">G.O. Jones,</subfield><subfield code="c">1874-1899.</subfield></datafield><datafield ind1=" " ind2=" " tag="300"><subfield code="a">v. :</subfield><subfield code="b">ill.</subfield></datafield><datafield ind1=" " ind2=" " tag="310"><subfield code="a">Weekly</subfield></datafield><datafield ind1="0" ind2=" " tag="362"><subfield code="a">Vol. 1, no. 1 (July 11, 1874)-v. 25, no. 38 (Feb. 25, 1899).</subfield></datafield><datafield ind1=" " ind2=" " tag="500"><subfield code="a">Editor: G.O. Jones, June 6, 1876-Feb. 25, 1899.</subfield></datafield><datafield ind1=" " ind2=" " tag="525"><subfield code="a">Supplements accompany some issues.</subfield></datafield><datafield ind1=" " ind2=" " tag="530"><subfield code="a">Available on microfilm from The State Historical Society of Wisconsin.</subfield></datafield><datafield ind1=" " ind2="0" tag="651"><subfield code="a">Augusta (Wis.)</subfield><subfield code="v">Newspapers.</subfield></datafield><datafield ind1=" " ind2="0" tag="651"><subfield code="a">Eau Claire County (Wis.)</subfield><subfield code="v">Newspapers.</subfield></datafield><datafield ind1=" " ind2=" " tag="752"><subfield code="a">United States</subfield><subfield code="b">Wisconsin</subfield><subfield code="c">Eau Claire</subfield><subfield code="d">Augusta.</subfield></datafield><datafield ind1="0" ind2="0" tag="785"><subfield code="t">Eagle (Augusta, Wis.)</subfield><subfield code="w">(DLC)sn 86086215</subfield></datafield></record>